
<record>
  <controlfield tag="001">231553</controlfield>
  <datafield tag="035" ind1=" " ind2=" ">
    <subfield code="z">D86-04969</subfield>
    <subfield code="9">DESY</subfield>
  </datafield>
  <datafield tag="035" ind1=" " ind2=" ">
    <subfield code="a">Vandalen:1986sx</subfield>
    <subfield code="9">SPIRESTeX</subfield>
  </datafield>
  <datafield tag="245" ind1=" " ind2=" ">
    <subfield code="a">RESULTS ON INCLUSIVE PARTICLE PRODUCTION AND LONG RANGE CORRELATIONS FROM THE TPC AT PEP</subfield>
  </datafield>
  <datafield tag="710" ind1=" " ind2=" ">
    <subfield code="g">PEP-4 TPC</subfield>
  </datafield>
</record>