
<record>
  <controlfield tag="001">230411</controlfield>
  <datafield tag="035" ind1=" " ind2=" ">
    <subfield code="a">Aihara:1986vb</subfield>
    <subfield code="9">SPIRESTeX</subfield>
  </datafield>
  <datafield tag="710" ind1=" " ind2=" ">
    <subfield code="g">TPC/Two Gamma</subfield>
  </datafield>
  <datafield tag="245" ind1=" " ind2=" ">
    <subfield code="a">MEASUREMENT OF tau BRANCHING RATIOS</subfield>
  </datafield>
  <datafield tag="037" ind1=" " ind2=" ">
    <subfield code="a">JHUHEP-86-51</subfield>
  </datafield>
</record>