
<record>
  <controlfield tag="001">230410</controlfield>
  <datafield tag="035" ind1=" " ind2=" ">
    <subfield code="a">Aihara:1986va</subfield>
    <subfield code="9">SPIRESTeX</subfield>
  </datafield>
  <datafield tag="710" ind1=" " ind2=" ">
    <subfield code="g">TPC/Two Gamma</subfield>
  </datafield>
  <datafield tag="245" ind1=" " ind2=" ">
    <subfield code="a">PION AND KAON MULTIPLICITIES IN HEAVY QUARK JETS</subfield>
  </datafield>
  <datafield tag="037" ind1=" " ind2=" ">
    <subfield code="a">JHUHEP-86-52</subfield>
  </datafield>
</record>